%% This BibTeX bibliography file was created using BibDesk.
%% https://bibdesk.sourceforge.io/

%% Created for Jonas Margraf at 2019-03-12 13:57:17 +0100 


%% Saved with string encoding Unicode (UTF-8) 



@electronic{git2019,
	Author = {Torvalds, Linus and Hamano, Junio},
	Date-Added = {2019-03-12 13:55:56 +0100},
	Date-Modified = {2019-03-12 13:57:06 +0100},
	Howpublished = {Online},
	Title = {Git},
	Url = {https://git-scm.com/},
	Urldate = {7.2.2019},
	Year = {2019},
	Bdsk-Url-1 = {https://git-scm.com/}}

@electronic{barbiero2017,
	Author = {Barbiero, Phillip},
	Date-Added = {2019-03-12 13:48:17 +0100},
	Date-Modified = {2019-03-12 13:57:16 +0100},
	Howpublished = {Online},
	Title = {pbarbiero/basic-electron-react-boilerplate: Modern and Minimal Electron + React Starter Kit},
	Url = {https://github.com/pbarbiero/basic-electron-react-boilerplate},
	Urldate = {7.2.2019},
	Year = {2017},
	Bdsk-Url-1 = {https://github.com/pbarbiero/basic-electron-react-boilerplate}}

@electronic{webaudio2019,
	Author = {{World Wide Web Consortium (W3C)}},
	Date-Added = {2019-03-11 21:56:02 +0100},
	Date-Modified = {2019-03-11 21:58:33 +0100},
	Howpublished = {Online},
	Title = {Web Audio API},
	Url = {https://www.w3.org/TR/webaudio/},
	Urldate = {7.2.2019},
	Year = {2019},
	Bdsk-Url-1 = {https://www.w3.org/TR/webaudio/}}

@electronic{electron2019,
	Author = {GitHub},
	Date-Added = {2019-03-11 21:55:03 +0100},
	Date-Modified = {2019-03-11 21:55:03 +0100},
	Howpublished = {Online},
	Title = {Electron},
	Url = {https://electronjs.org/},
	Urldate = {7.2.2019},
	Year = {2019},
	Bdsk-Url-1 = {https://electronjs.org/}}

@electronic{abletonlive2019,
	Author = {{Ableton AG}},
	Date-Added = {2019-03-11 21:11:41 +0100},
	Date-Modified = {2019-03-11 21:58:49 +0100},
	Howpublished = {Online},
	Title = {Ableton Live 10},
	Url = {https://www.ableton.com/en/live/},
	Urldate = {7.2.2019},
	Year = {2019},
	Bdsk-Url-1 = {https://www.ableton.com/en/live/}}

@inproceedings{schwarz2006,
	Author = {Schwarz, Diemo and Beller, Gr{\'e}gory and Verbrugghe, Bruno and Britton, Sam},
	Booktitle = {9th International Conference on Digital Audio Effects (DAFx)},
	Date-Added = {2019-03-07 17:39:42 +0100},
	Date-Modified = {2019-03-07 17:39:50 +0100},
	Pages = {279--282},
	Title = {Real-time corpus-based concatenative synthesis with catart},
	Year = {2006}}

@electronic{web:max2019,
	Author = {{Cycling '74}},
	Date-Added = {2019-03-07 17:12:41 +0100},
	Date-Modified = {2019-03-11 21:59:00 +0100},
	Howpublished = {Online},
	Title = {Max},
	Url = {https://cycling74.com/},
	Urldate = {7.2.2019},
	Year = {2019},
	Bdsk-Url-1 = {https://cycling74.com/}}

@electronic{web:mubu2019,
	Author = {Schnell, Norbert and Borghesi, Riccardo and Schwarz, Diemo and Fran{\c c}oise, Jules and Larralde, Joseph and Bevilacqua, Frederic and Zamborlin, Bruno and Lambert, Jean-Philippe},
	Date-Added = {2019-03-07 17:06:27 +0100},
	Date-Modified = {2019-03-07 17:26:50 +0100},
	Howpublished = {Online},
	Title = {MuBu for Max - A toolbox for Multimodal Analysis of Sound and Motion, Interactive Sound Synthesis and Machine Learning},
	Url = {http://ismm.ircam.fr/mubu/},
	Urldate = {7.2.2019},
	Year = {2019},
	Bdsk-Url-1 = {http://ismm.ircam.fr/mubu/}}

@inproceedings{schnell2009,
	Author = {Schnell, Norbert and R{\"o}bel, Axel and Schwarz, Diemo and Peeters, Geoffroy and Borghesi, Riccardo and others},
	Booktitle = {ICMC},
	Date-Added = {2019-03-07 17:03:44 +0100},
	Date-Modified = {2019-03-07 17:03:52 +0100},
	Title = {MuBu and friends--assembling tools for content based real-time interactive audio processing in Max/MSP},
	Year = {2009}}

@electronic{drumessentials2019,
	Author = {Ableton, AG},
	Date-Added = {2019-03-07 17:01:07 +0100},
	Date-Modified = {2019-03-07 17:01:07 +0100},
	Howpublished = {Online},
	Title = {Drum Essentials},
	Url = {https://www.ableton.com/en/packs/drum-essentials/},
	Urldate = {7.2.2019},
	Year = {2019},
	Bdsk-Url-1 = {https://www.ableton.com/en/packs/drum-essentials/}}

@inproceedings{font2013,
	Author = {Font, Frederic and Roma, Gerard and Serra, Xavier},
	Booktitle = {Proceedings of the 21st ACM international conference on Multimedia},
	Date-Added = {2019-03-03 17:27:57 +0100},
	Date-Modified = {2019-03-03 17:28:07 +0100},
	Organization = {ACM},
	Pages = {411--412},
	Title = {Freesound technical demo},
	Year = {2013}}

@electronic{web:mubu2019_2,
	Author = {Schnell, Norbert and Borghesi, Riccardo and Schwarz, Diemo and Fran{\c c}oise, Jules and Larralde, Joseph and Bevilacqua, Frederic and Zamborlin, Bruno and Lambert, Jean-Philippe},
	Date-Added = {2019-03-03 16:18:04 +0100},
	Date-Modified = {2019-03-07 17:09:16 +0100},
	Howpublished = {Online},
	Title = {MuBu for Max - A toolbox for Multimodal Analysis of Sound and Motion, Interactive Sound Synthesis and Machine Learning},
	Url = {http://forumnet.ircam.fr/product/mubu-en/},
	Urldate = {7.2.2019},
	Year = {2019},
	Bdsk-Url-1 = {http://forumnet.ircam.fr/product/mubu-en/}}

@inproceedings{knees2015,
	Author = {Knees, Peter and Faraldo, Angel and Herrera, Perfecto and Vogl, Richard and B{\"o}ck, Sebastian and H{\"o}rschl{\"a}ger, Florian and Le Goff, Mickael},
	Booktitle = {ISMIR},
	Date-Added = {2019-03-03 15:17:50 +0100},
	Date-Modified = {2019-03-03 15:17:59 +0100},
	Pages = {364--370},
	Title = {Two Data Sets for Tempo Estimation and Key Detection in Electronic Dance Music Annotated from User Corrections.},
	Year = {2015}}

@electronic{react2019,
	Author = {Facebook},
	Date-Added = {2019-02-22 17:59:22 +0100},
	Date-Modified = {2019-03-11 21:55:24 +0100},
	Howpublished = {Online},
	Title = {React},
	Url = {https://reactjs.org/},
	Urldate = {7.2.2019},
	Year = {2019},
	Bdsk-Url-1 = {https://reactjs.org/}}

@article{garland1991,
	Author = {Garland, Ron},
	Date-Added = {2019-02-21 23:10:59 +0100},
	Date-Modified = {2019-02-21 23:11:06 +0100},
	Journal = {Marketing bulletin},
	Number = {1},
	Pages = {66--70},
	Title = {The mid-point on a rating scale: Is it desirable},
	Volume = {2},
	Year = {1991}}

@electronic{web:ethics2019,
	Author = {TU Berlin, Ethik-Kommission},
	Date-Added = {2019-02-19 14:48:35 +0100},
	Date-Modified = {2019-02-21 16:13:52 +0100},
	Lastchecked = {7.2.2019},
	Title = {Ethik-Kommission},
	Url = {https://www.ipa.tu-berlin.de/menue/einrichtungen/gremienkommissionen/ethik_kommission/},
	Year = {2019},
	Bdsk-Url-1 = {https://www.ipa.tu-berlin.de/menue/einrichtungen/gremienkommissionen/ethik_kommission/}}

@book{oppenheim2014,
	Author = {Oppenheim, Alan V and Schafer, Ronald W},
	Date-Added = {2019-02-17 18:41:05 +0100},
	Date-Modified = {2019-02-17 18:41:22 +0100},
	Publisher = {Pearson Education},
	Title = {Discrete-time signal processing},
	Year = {2014}}

@webpage{web:kohonen2007,
	Author = {Kohonen, Teuvo and Honkela, Timo},
	Date-Added = {2019-02-16 14:23:39 +0100},
	Date-Modified = {2019-02-16 14:23:39 +0100},
	Title = {Kohonen network},
	Url = {http://www.scholarpedia.org/article/Kohonen_network},
	Urldate = {7.2.2019},
	Year = {2007},
	Bdsk-Url-1 = {http://www.scholarpedia.org/article/Kohonen_network}}

@article{yin2007,
	Author = {Yin, Hujun},
	Date-Added = {2019-02-09 21:25:14 +0100},
	Date-Modified = {2019-02-09 21:25:20 +0100},
	Journal = {International Journal of Automation and Computing},
	Number = {3},
	Pages = {294--303},
	Publisher = {Springer},
	Title = {Nonlinear dimensionality reduction and data visualization: a review},
	Volume = {4},
	Year = {2007}}

@book{lerch2012,
	Author = {Lerch, Alexander},
	Date-Added = {2019-02-09 18:12:15 +0100},
	Date-Modified = {2019-02-09 18:12:15 +0100},
	Publisher = {Wiley-IEEE Press},
	Title = {An introduction to audio content analysis: Applications in signal processing and music informatics},
	Year = {2012}}

@webpage{web:meyda2019,
	Author = {Rawlinson, Hugh and Segal, Nevo and Fiala, Jakub},
	Date-Added = {2019-02-09 18:05:12 +0100},
	Date-Modified = {2019-02-09 18:05:12 +0100},
	Month = {February},
	Title = {Meyda: Audio feature extraction for JavaScript.},
	Url = {https://github.com/meyda/meyda},
	Urldate = {7.2.2019},
	Year = {2019},
	Bdsk-Url-1 = {https://github.com/meyda/meyda}}

@article{zwicker1961,
	Author = {Zwicker, Eberhard},
	Date-Added = {2019-02-09 16:52:28 +0100},
	Date-Modified = {2019-02-09 16:52:34 +0100},
	Journal = {The Journal of the Acoustical Society of America},
	Number = {2},
	Pages = {248--248},
	Publisher = {ASA},
	Title = {Subdivision of the audible frequency range into critical bands (Frequenzgruppen)},
	Volume = {33},
	Year = {1961}}

@article{moore1997,
	Author = {Moore, Brian CJ and Glasberg, Brian R and Baer, Thomas},
	Date-Added = {2019-02-09 16:47:59 +0100},
	Date-Modified = {2019-02-09 16:48:05 +0100},
	Journal = {Journal of the Audio Engineering Society},
	Number = {4},
	Pages = {224--240},
	Publisher = {Audio Engineering Society},
	Title = {A model for the prediction of thresholds, loudness, and partial loudness},
	Volume = {45},
	Year = {1997}}

@techreport{peeters2004,
	Author = {Peeters, Geoffroy},
	Date-Added = {2019-02-08 19:06:47 +0100},
	Date-Modified = {2019-02-08 19:12:18 +0100},
	Institution = {IRCAM},
	Title = {A large set of audio features for sound description (similarity and classification) in the CUIDADO project},
	Year = 2004}

@webpage{web:kohonen2005,
	Author = {Kohonen, Teuvo},
	Date-Added = {2019-02-08 14:29:42 +0100},
	Date-Modified = {2019-02-16 14:24:10 +0100},
	Title = {The Self-Organizing Map (SOM)},
	Url = {http://www.cis.hut.fi/somtoolbox/theory/somalgorithm.shtml},
	Urldate = {7.2.2019},
	Year = {2005},
	Bdsk-Url-1 = {http://www.cis.hut.fi/somtoolbox/theory/somalgorithm.shtml}}

@article{fletcher1933,
	Author = {Fletcher, Harvey and Munson, Wilden A},
	Date-Added = {2019-02-07 19:37:44 +0100},
	Date-Modified = {2019-02-07 19:37:50 +0100},
	Journal = {Bell System Technical Journal},
	Number = {4},
	Pages = {377--430},
	Publisher = {Wiley Online Library},
	Title = {Loudness, its definition, measurement and calculation},
	Volume = {12},
	Year = {1933}}

@webpage{web:pitchdetection2019,
	Author = {Patricio de la Cuadra},
	Date-Added = {2019-02-07 19:33:06 +0100},
	Date-Modified = {2019-02-08 14:34:30 +0100},
	Month = {February},
	Title = {Pitch Detection Methods Review},
	Url = {https://ccrma.stanford.edu/~pdelac/154/m154paper.htm},
	Urldate = {7.2.2019},
	Year = {2019},
	Bdsk-Url-1 = {https://ccrma.stanford.edu/~pdelac/154/m154paper.htm}}

@inproceedings{mathieu2010,
	Author = {Mathieu, Benoit and Essid, Slim and Fillon, Thomas and Prado, Jacques and Richard, Ga{\"e}l},
	Booktitle = {ISMIR},
	Date-Added = {2019-02-07 19:15:05 +0100},
	Date-Modified = {2019-02-07 19:15:11 +0100},
	Pages = {441--446},
	Title = {YAAFE, an Easy to Use and Efficient Audio Feature Extraction Software.},
	Year = {2010}}

@webpage{web:meyda2019_features,
	Author = {Rawlinson, Hugh and Segal, Nevo and Fiala, Jakub},
	Date-Added = {2019-02-07 19:13:45 +0100},
	Date-Modified = {2019-02-07 19:33:21 +0100},
	Month = {February},
	Title = {Meyda: Audio feature extraction for JavaScript.},
	Url = {https://meyda.js.org/audio-features},
	Urldate = {7.2.2019},
	Year = {2019},
	Bdsk-Url-1 = {https://github.com/meyda/meyda},
	Bdsk-Url-2 = {https://meyda.js.org/audio-features}}

@webpage{web:yaafe2019,
	Author = {Mathieu, Benoit and Essid, Slim and Fillon, Thomas and Prado, Jacques and Richard, Ga{\"e}l},
	Date-Added = {2019-02-07 19:03:30 +0100},
	Date-Modified = {2019-02-07 19:15:23 +0100},
	Month = {February},
	Title = {Yaafe - audio features extraction},
	Url = {http://yaafe.sourceforge.net/},
	Urldate = {7.2.2019},
	Year = {2019},
	Bdsk-Url-1 = {http://yaafe.sourceforge.net/}}

@book{kohonen2001,
	Address = {Heidelberg},
	Author = {Kohonen, Teuvo},
	Date-Added = {2019-02-07 17:48:38 +0100},
	Date-Modified = {2019-02-09 18:18:23 +0100},
	Publisher = {Springer},
	Series = {Springer Series in Information Sciences},
	Title = {Self-Organizing Maps},
	Volume = {30},
	Year = {2001}}

@article{bauer1996,
	Author = {Bauer, H.-U. and Der, Ralf and Herrmann, Michael},
	Date-Added = {2019-02-07 17:46:38 +0100},
	Date-Modified = {2019-02-07 20:36:17 +0100},
	Journal = {Neural computation},
	Number = {4},
	Pages = {757--771},
	Publisher = {MIT Press},
	Title = {Controlling the magnification factor of self-organizing feature maps},
	Volume = {8},
	Year = {1996}}

@inproceedings{desieno1988,
	Author = {DeSieno, Duane},
	Booktitle = {IEEE international conference on neural networks},
	Date-Added = {2019-02-07 17:46:38 +0100},
	Date-Modified = {2019-02-07 17:51:59 +0100},
	Number = {6},
	Organization = {Institute of Electrical and Electronics Engineers New York},
	Pages = {117--124},
	Title = {Adding a conscience to competitive learning},
	Volume = {1},
	Year = {1988}}

@inproceedings{fried2014,
	Author = {Fried, Ohad and Jin, Zeyu and Oda, Reid and Finkelstein, Adam},
	Booktitle = {NIME},
	Date-Added = {2019-02-07 17:46:38 +0100},
	Date-Modified = {2019-02-07 17:51:57 +0100},
	Pages = {281--286},
	Title = {AudioQuilt: 2D Arrangements of Audio Samples using Metric Learning and Kernelized Sorting.},
	Year = {2014}}

@inproceedings{kohonen1997,
	Author = {Kohonen, Teuvo},
	Booktitle = {Proceedings of International Conference on Neural Networks (ICNN'97)},
	Date-Added = {2019-02-07 17:46:38 +0100},
	Date-Modified = {2019-02-07 17:51:49 +0100},
	Organization = {IEEE},
	Pages = {PL1--PL6},
	Title = {Exploration of very large databases by self-organizing maps},
	Volume = {1},
	Year = {1997}}

@article{kohonen1990,
	Author = {Kohonen, Teuvo},
	Date-Added = {2019-02-07 17:46:38 +0100},
	Date-Modified = {2019-02-09 18:20:09 +0100},
	Journal = {Proceedings of the IEEE},
	Number = {9},
	Pages = {1464--1480},
	Publisher = {IEEE},
	Title = {The Self-Organizing Map},
	Volume = {78},
	Year = {1990}}

@article{fiebrink2016,
	Author = {Fiebrink, Rebecca and Caramiaux, Baptiste},
	Date-Added = {2019-02-07 17:46:38 +0100},
	Date-Modified = {2019-02-07 17:50:30 +0100},
	Journal = {Handbook of Algorithmic Music},
	Title = {The machine learning algorithm as creative musical tool},
	Year = {2016}}

@article{merenyi2007,
	Author = {Merenyi, Erzsbet and Jain, Abha and Villmann, Thomas},
	Date-Added = {2019-02-07 17:46:38 +0100},
	Date-Modified = {2019-02-07 17:50:15 +0100},
	Journal = {IEEE Transactions on Neural Networks},
	Number = {3},
	Pages = {786--797},
	Publisher = {IEEE},
	Title = {Explicit magnification control of self-organizing maps for ``forbidden'' data},
	Volume = {18},
	Year = {2007}}

@article{moffat2015,
	Author = {Moffat, David and Ronan, David and Reiss, Joshua D and others},
	Date-Added = {2019-02-07 17:46:38 +0100},
	Date-Modified = {2019-02-07 17:50:06 +0100},
	Title = {An evaluation of audio feature extraction toolboxes},
	Year = {2015}}

@inproceedings{rawlinson2015,
	Author = {Rawlinson, Hugh and Segal, Nevo and Fiala, Jakub},
	Booktitle = {The 1st Web Audio Conference (WAC). Paris, Fr},
	Date-Added = {2019-02-07 17:46:38 +0100},
	Date-Modified = {2019-02-07 17:51:46 +0100},
	Title = {Meyda: an audio feature extraction library for the web audio api},
	Year = {2015}}

@article{vesanto2000,
	Author = {Vesanto, Juha and Himberg, Johan and Alhoniemi, Esa and Parhankangas, Juha},
	Date-Added = {2019-02-07 17:46:38 +0100},
	Date-Modified = {2019-02-07 17:49:49 +0100},
	Journal = {Helsinki University of Technology, Finland},
	Pages = {109},
	Publisher = {Citeseer},
	Title = {SOM toolbox for Matlab 5},
	Year = {2000}}

@article{fasciani2016,
	Author = {Fasciani, Stefano},
	Date-Added = {2019-02-07 17:46:00 +0100},
	Date-Modified = {2019-02-07 17:49:09 +0100},
	Title = {TSAM: a tool for analyzing, modeling, and mapping the timbre of sound synthesizers},
	Year = {2016}}

@article{villmann2006,
	Author = {Villmann, Thomas and Claussen, Jens Christian},
	Date-Added = {2019-02-07 17:46:00 +0100},
	Date-Modified = {2019-02-07 17:49:40 +0100},
	Journal = {Neural Computation},
	Number = {2},
	Pages = {446--469},
	Publisher = {MIT Press},
	Title = {Magnification control in self-organizing maps and neural gas},
	Volume = {18},
	Year = {2006}}

@inproceedings{shier2017,
	Author = {Shier, Jordie and McNally, Kirk and Tzanetakis, George},
	Booktitle = {Audio Engineering Society Convention 143},
	Date-Added = {2019-02-07 17:46:00 +0100},
	Date-Modified = {2019-02-07 17:51:37 +0100},
	Organization = {Audio Engineering Society},
	Title = {Analysis of Drum Machine Kick and Snare Sounds},
	Year = {2017}}

@inproceedings{goto2002,
	Author = {Goto, Masataka and Hashiguchi, Hiroki and Nishimura, Takuichi and Oka, Ryuichi},
	Booktitle = {ISMIR},
	Date-Added = {2019-02-07 17:46:00 +0100},
	Date-Modified = {2019-02-07 17:51:51 +0100},
	Pages = {287--288},
	Title = {RWC Music Database: Popular, Classical and Jazz Music Databases.},
	Volume = {2},
	Year = {2002}}

@inproceedings{gillet2006,
	Author = {Gillet, Olivier and Richard, Ga{\"e}l},
	Booktitle = {ISMIR},
	Date-Added = {2019-02-07 17:46:00 +0100},
	Date-Modified = {2019-02-07 17:51:54 +0100},
	Pages = {156--159},
	Title = {ENST-Drums: an extensive audio-visual database for drum signals processing.},
	Year = {2006}}

@inproceedings{scholler2010,
	Author = {Scholler, Simon and Purwins, Hendrik},
	Booktitle = {Proceedings of 3rd international workshop on Machine learning and music},
	Date-Added = {2019-02-07 17:46:00 +0100},
	Date-Modified = {2019-02-07 17:51:41 +0100},
	Organization = {ACM},
	Pages = {9--12},
	Title = {Sparse coding for drum sound classification and its use as a similarity measure},
	Year = {2010}}

@book{lazar2017,
	Author = {Lazar, Jonathan and Feng, Jinjuan Heidi and Hochheiser, Harry},
	Date-Added = {2019-02-07 17:46:00 +0100},
	Date-Modified = {2019-02-07 17:52:12 +0100},
	Publisher = {Morgan Kaufmann},
	Title = {Research methods in human-computer interaction},
	Year = {2017}}

@article{vagias2006,
	Author = {Vagias, Wade M},
	Date-Added = {2019-02-07 17:46:00 +0100},
	Date-Modified = {2019-02-07 17:49:58 +0100},
	Journal = {\& Research Development, Department of Parks, Recreation and Tourism Management, Clemson University},
	Title = {Likert-type Scale Response Anchors. Clemson International Institute for Tourism},
	Year = {2006}}

@incollection{mayring2010,
	Author = {Mayring, Philipp},
	Booktitle = {Handbuch qualitative Forschung in der Psychologie},
	Date-Added = {2019-02-07 17:46:00 +0100},
	Date-Modified = {2019-02-07 18:23:00 +0100},
	Pages = {601--613},
	Publisher = {Springer},
	Title = {Qualitative Inhaltsanalyse},
	Year = {2010}}

@mastersthesis{lykartsis2014,
	Author = {Lykartsis, Athanasios},
	Date-Added = {2019-02-07 17:46:00 +0100},
	Date-Modified = {2019-02-07 17:51:32 +0100},
	School = {Master's thesis, Audio Communication Group, Technische Universit{\"a}t Berlin~{\ldots}},
	Title = {Evaluation of accent-based rhythmic descriptors for genre classification of musical signals},
	Year = {2014}}

@comment{BibDesk Static Groups{
<?xml version="1.0" encoding="UTF-8"?>
<!DOCTYPE plist PUBLIC "-//Apple//DTD PLIST 1.0//EN" "http://www.apple.com/DTDs/PropertyList-1.0.dtd">
<plist version="1.0">
<array>
	<dict>
		<key>group name</key>
		<string>Group</string>
		<key>keys</key>
		<string>desieno1988,fasciani2016,fiebrink2016,kohonen1997,web:yaafe2019,mayring2010,moffat2015,villmann2006</string>
	</dict>
</array>
</plist>
}}
